@ARTICLE{DMRD05reactive, 
author={Dixon, J. and Moran, L. and Rodriguez, J. and Domke, R.}, 
journal={Proceedings of the IEEE}, 
title={Reactive Power Compensation Technologies: State-of-the-Art Review}, 
year={2005}, 
month={Dec}, 
volume={93}, 
number={12}, 
pages={2144-2164}
}


@conference{YC13CKP,
author  = "Lan Yu and Chi-Kin Chau",
title   = "Complex-Demand Knapsack Problems and Incentives in {AC} Power Systems",
booktitle = "International Conference on Autonomous Agents and Multiagent Systems (AAMAS)",
year    = "2013",
note={\url{http://arxiv.org/abs/1205.2285}}
}

@inproceedings{CEK14CKP,
 author = {Chau, Chi-Kin and Elbassioni, Khaled and Khonji, Majid},
 title = {Truthful Mechanisms for Combinatorial {AC} Electric Power Allocation},
 booktitle = {Proceedings of the 2014 International Conference on Autonomous Agents and Multi-agent Systems (AaMAS)},
 year = {2014},
 publisher = {International Foundation for Autonomous Agents and Multiagent Systems},
 keywords = {combinatorial power allocation, complex-demand knapsack problem, mechanism design, multi-unit combinatorial auctions, smart grid},
} 



@inproceedings{KTV13,
author  = "Piotr Krysta and Orestis Telelis and Carmine Ventre",
title   = "Mechanisms for Multi-Unit Combinatorial Auctions with a Few Distinct Goods",
booktitle = "International Conference on Autonomous Agents and Multiagent Systems (AAMAS)",
year    = "2013"
}

@incollection{N07book,
author =       "N. Nisan",
title =        "Introduction to Mechanism Design",
booktitle =    "Algorithmic Game Theory",
chapter =      "9",
year =         "2007",
pages =        "209--242"
}

@article{NR01alg, 
author  = "N. Nisan and A. Ronen",
title   = "Algorithmic Mechanism Design",
journal = "Games and Economic Behavior",
pages = "166--196",
year    = "2001",
volume  = "35", 
issue   = "1--2" 
}

@inproceedings{BKV05KS,
author  = "P. Briest and P. Krysta and B. Vocking",
title   = "Approximation Techniques for Utilitarian Mechanism Design",
pages= "39--48",
booktitle = "STOC'05",
year    = "2005"
}

@inproceedings{LOS99mono,
author  = "D. Lehmann and L. O'Callaghan and Y. Shoham",
title   = "Truth Revelation in Approximately Efficient Combinatorial Auctions",
pages= "96--102",
booktitle = "EC'99",
year    = "1999"
}

@book{KPP10book,
author  = "H. Kellerer and U. Pferschy and D. Pisinger",
title   = "Knapsack Problems",
publisher = "Springer",
year    = "2010"		

}

@article{FC84alg, 
author  = "A. Frieze and M. Clarke",
title   = "Approximation Algorithm for the m-Dimensional 0-1 Knapsack Problem",
journal = "European Journal of Operational Research",
pages = "100--109",
year    = "1984",
volume  = "15"
}


@book{GS94power,
author  = "J. Grainger and W. Stevenson",
title   = "Power System Analysis",
publisher = "McGraw-Hill",
year    = "1994"		

}

@article{mathews1896partition,
title={On the partition of numbers},
author={Mathews, GB},
journal={Proceedings of the London Mathematical Society},
volume={1},
number={1},
pages={486--490},
year={1896},
publisher={Oxford University Press}
}

@inproceedings{archer2001truthful,
title={Truthful mechanisms for one-parameter agents},
author={Archer, A. and Tardos, {\'E}.},
booktitle={FOCS'01},
pages={482--491},
year={2001},
}

@article{kulik2010there,
title={There is no {EPTAS} for two-dimensional knapsack},
author={Kulik, A. and Shachnai, H.},
journal={Information Processing Letters},
volume={110},
number={16},
pages={707--710},
year={2010},
publisher={Elsevier}
}

@misc{wikiwebsite,
author = {Wikipedia},
title = {Knapsack problem},
howpublished = {\url{http://en.wikipedia.org/wiki/Knapsack_problem} }
}

@inproceedings{gerding2011online,
title={Online mechanism design for electric vehicle charging},
author={Gerding, E. and Robu, V. and Stein, S. and Parkes, D. and Rogers, A. and Jennings, N.},
pages= {811--818},
booktitle = {International Conference on Autonomous Agents and Multiagent Systems (AAMAS)'11},
year={2011}
}

@article{P10,
author    = {David Pritchard},
title     = {An \text{LP} with Integrality Gap $1+\epsilon$ for Multidimensional
   Knapsack},
journal   = {CoRR},
volume    = {abs/1005.3324},
year      = {2010},
ee        = {http://arxiv.org/abs/1005.3324},
bibsource = {DBLP, http://dblp.uni-trier.de}
}

@inproceedings{LS05,
author    = {Ron Lavi and
   Chaitanya Swamy},
title     = {Truthful and Near-Optimal Mechanism Design via Linear Programming},
booktitle = {FOCS},
year      = {2005},
pages     = {595-604},
ee        = {http://doi.ieeecomputersociety.org/10.1109/SFCS.2005.76},
bibsource = {DBLP, http://dblp.uni-trier.de}
}


@inproceedings{SR10,
author = {Patt-Shamir, Boaz and Rawitz, Dror},
title = {Vector bin packing with multiple-choice},
booktitle = {Proceedings of the 12th Scandinavian conference on Algorithm Theory},
series = {SWAT'10},
year = {2010},
isbn = {3-642-13730-X, 978-3-642-13730-3},
location = {Bergen, Norway},
pages = {248--259},
numpages = {12},
url = {http://dx.doi.org/10.1007/978-3-642-13731-0_24},
doi = {10.1007/978-3-642-13731-0_24},
acmid = {2155470},
publisher = {Springer-Verlag},
address = {Berlin, Heidelberg},
} 

@article{B98,
title = "Disjunctive programming: Properties of the convex hull of feasible points ",
journal = "Discrete Applied Mathematics",
volume = "89",
number = "1â€“3",
pages = "3 - 44",
year = "1998",
note = "",
issn = "0166-218X",
doi = "http://dx.doi.org/10.1016/S0166-218X(98)00136-X",
url = "http://www.sciencedirect.com/science/article/pii/S0166218X9800136X",
author = "Egon Balas",
keywords = "Lift-and-project",
keywords = "Sequential convexification",
keywords = "Facial disjunctive programs",
keywords = "Reverse polars "
}

@article{B08,
author    = {Daniel Bienstock},
title     = {Approximate formulations for 0-1 knapsack sets},
journal   = {Oper. Res. Lett.},
volume    = {36},
number    = {3},
year      = {2008},
pages     = {317-320},
ee        = {http://dx.doi.org/10.1016/j.orl.2007.09.003},
bibsource = {DBLP, http://dblp.uni-trier.de}
}


@BOOK{GLS88,
AUTHOR =       {M. Gr\"{o}tschel and L. Lov\'{a}sz and A.  Schrijver},
TITLE =        {Geometric Algorithms and Combinatorial Optimization},
PUBLISHER =    {Springer},
YEAR =         {1988},
address =      {New York}
}

@BOOK{Scr03,
AUTHOR =       {A. Schrijver},
TITLE =        {Combinatorial Optimization: Polyhedra
and Efficiency,  Algorithms and Combinatorics},
PUBLISHER =    {Springer},
volume="24",
YEAR =         {2003},
address =      {New York}
}



@book{NEC,
title = {National Electrical Code (NEC) NFPA 70-2005}
} 

@book{Boyd04,
author = {Boyd, Stephen and Vandenberghe, Lieven},
title = {Convex Optimization},
year = {2004},
isbn = {0521833787},
publisher = {Cambridge University Press},
address = {New York, NY, USA},
} 

@BOOK{S86,
AUTHOR =       {A. Schrijver},
TITLE =        {Theory of Linear and Integer Programming},
PUBLISHER =    {Wiley},
YEAR =         {1986},
address =      {New York},
}


@BOOK{NRTV07,
AUTHOR =       {N. Nisan and T. Roughgarden and E. Tardos and V. V. Vazirani },
TITLE =        {Algorithmic Game Theory},
PUBLISHER =    {Cambridge University Press},
YEAR =         {2007},
}


@inproceedings{DN07,
author  = "S. Dobzinski and N. Nisan",
title   = "Mechanisms for Multi-Unit Auctions",
booktitle = "ACM EC",
year    = "2007"
}

@article{CR93,
title = "Nonnegative ranks, decompositions, and factorizations of nonnegative matrices ",
journal = "Linear Algebra and its Applications ",
volume = "190",
number = "0",
pages = "149 - 168",
year = "1993",
note = "",
issn = "0024-3795",
doi = "http://dx.doi.org/10.1016/0024-3795(93)90224-C",
url = "http://www.sciencedirect.com/science/article/pii/002437959390224C",
author = "Joel E. Cohen and Uriel G. Rothblum"
}

@inproceedings{AGKM12,
author    = {Sanjeev Arora and
   Rong Ge and
   Ravindran Kannan and
   Ankur Moitra},
title     = {Computing a nonnegative matrix factorization - provably},
booktitle = {STOC},
year      = {2012},
pages     = {145-162},
ee        = {http://doi.acm.org/10.1145/2213977.2213994},
bibsource = {DBLP, http://dblp.uni-trier.de}
}

@inproceedings{CK00,
author    = {Chandra Chekuri and
   Sanjeev Khanna},
title     = {A {PTAS} for the multiple knapsack problem},
booktitle = {SODA},
year      = {2000},
pages     = {213-222},
ee        = {http://dl.acm.org/citation.cfm?id=338219.338254},
bibsource = {DBLP, http://dblp.uni-trier.de}
}


@ARTICLE{LL121TPS, 
author={Lavaei, J. and Low, S.H.}, 
journal={Power Systems, IEEE Transactions on}, 
title={Zero Duality Gap in Optimal Power Flow Problem}, 
year={2012}, 
volume={27}, 
number={1}, 
pages={92-107}, 
ISSN={0885-8950}
}

@INPROCEEDINGS{LTZ12PES, 
author={Lavaei, J. and Tse, D. and Baosen Zhang}, 
booktitle={Power and Energy Society General Meeting, 2012 IEEE}, 
title={Geometry of power flows in tree networks}, 
year={2012}, 
pages={1-8}, 
ISSN={1944-9925}
}

@article{BH87,
title = "Combinatorial results on completely positive matrices ",
journal = "Linear Algebra and its Applications ",
volume = "95",
number = "0",
pages = "111 - 125",
year = "1987",
note = "",
issn = "0024-3795",
doi = "http://dx.doi.org/10.1016/0024-3795(87)90029-2",
url = "http://www.sciencedirect.com/science/article/pii/0024379587900292",
author = "Abraham Berman and Daniel Hershkowitz"
}


@article{M70,
title = "The maximum numbers of faces of a convex polytope",
journal = "Mathematika",
volume = "17",
number = "02",
pages = " 179-184",
year = "1970",
author = "P. McMullen"
}

@article{B93,
year={1993},
issn={0179-5376},
journal={Discrete \& Computational Geometry},
volume={10},
number={1},
doi={10.1007/BF02573985},
title={An optimal convex hull algorithm in any fixed dimension},
url={http://dx.doi.org/10.1007/BF02573985},
publisher={Springer-Verlag},
author={Chazelle, Bernard},
pages={377-409},
language={English}
}

@BOOK{S86,
AUTHOR =       {Alexandar Schrijver},
TITLE =        {Theory of Linear and Integer Programming},
PUBLISHER =    {Wiley},
YEAR =         {1986},
address =      {New York},
}

@ARTICLE{Ref1, 
author={Chua-Liang Su and Kirschen, D.}, 
journal={Power Systems, IEEE Transactions on}, 
title={Quantifying the Effect of Demand Response on Electricity Markets}, 
year={2009}, 
month={Aug}, 
volume={24}, 
number={3}, 
pages={1199-1207}, 
keywords={linear programming;power markets;demand response;electricity markets;global welfare maximization;mixed-integer linear programming;Demand response;demand-side participation;electricity markets;global welfare maximization;load shifting;mixed-integer linear programming}, 
doi={10.1109/TPWRS.2009.2023259}, 
ISSN={0885-8950},}


@ARTICLE{Ref2, 
author={Mohsenian-Rad, A.-H. and Leon-Garcia, A.}, 
journal={Smart Grid, IEEE Transactions on}, 
title={Optimal Residential Load Control With Price Prediction in Real-Time Electricity Pricing Environments}, 
year={2010}, 
month={Sept}, 
volume={1}, 
number={2}, 
pages={120-133}, 
keywords={linear programming;load regulation;power markets;power system economics;pricing;tariffs;automatic residential energy consumption scheduling;electricity payment;electricity price prediction;linear programming;optimal residential energy consumption scheduling;optimal residential load control;pricing tariff;Automation;Economic forecasting;Energy consumption;Environmental economics;Filters;Load flow control;Power generation economics;Pricing;Real time systems;Time varying systems;Energy consumption scheduling;inclining block rates;price prediction;real-time pricing;wholesale electricity market}, 
doi={10.1109/TSG.2010.2055903}, 
ISSN={1949-3053},}

@ARTICLE{Ref3, 
author={Khodaei, A. and Shahidehpour, M. and Bahramirad, S.}, 
journal={Smart Grid, IEEE Transactions on}, 
title={SCUC With Hourly Demand Response Considering Intertemporal Load Characteristics}, 
year={2011}, 
month={Sept}, 
volume={2}, 
number={3}, 
pages={564-571}, 
keywords={numerical analysis;power markets;power system economics;SCUC;carbon footprints;fuel consumptions;hourly demand response;intertemporal load characteristics;market prices;numerical simulations;restructured power systems;security-constrained unit commitment;Companies;Fuels;ISO;Iterative methods;Load management;Schedules;Security;Demand response;real time prices;security-constrained unit commitment}, 
doi={10.1109/TSG.2011.2157181}, 
ISSN={1949-3053},}

@ARTICLE{Ref4, 
author={Yunfei Wang and Pordanjani, I.R. and Wilsun Xu}, 
journal={Smart Grid, IEEE Transactions on}, 
title={An Event-Driven Demand Response Scheme for Power System Security Enhancement}, 
year={2011}, 
month={March}, 
volume={2}, 
number={1}, 
pages={23-29}, 
keywords={power system dynamic stability;power system security;smart power grids;demand reduction;event-driven emergency demand response scheme;load reduction;power system security enhancement;smart grid;voltage collapse;Load management;Optimization methods;Power system security;Power systems;Sensitivity;Time domain analysis;Emergency demand response;operation reserve;power system security}, 
doi={10.1109/TSG.2011.2105287}, 
ISSN={1949-3053},}

@ARTICLE{Ref5, 
author={Humayun, M. and Safdarian, A. and Degefa, M.Z. and Lehtonen, M.}, 
journal={Power Systems, IEEE Transactions on}, 
title={Demand Response for Operational Life Extension and Efficient Capacity Utilization of Power Transformers During Contingencies}, 
year={2014}, 
month={}, 
volume={PP}, 
number={99}, 
pages={1-10}, 
keywords={Aging;Load modeling;Oil insulation;Optimization;Power transformer insulation;Substations;Aging;asset utilization;contingency;demand response;power transformer;smart grid}, 
doi={10.1109/TPWRS.2014.2358687}, 
ISSN={0885-8950},}

@ARTICLE{Ref6, 
author={Weiwei Chen and Xing Wang and Petersen, J. and Tyagi, R. and Black, J.}, 
journal={Smart Grid, IEEE Transactions on}, 
title={Optimal Scheduling of Demand Response Events for Electric Utilities}, 
year={2013}, 
month={Dec}, 
volume={4}, 
number={4}, 
pages={2309-2319}, 
keywords={decision making;demand side management;dynamic programming;power generation scheduling;probability;smart power grids;DR event scheduling;DR programs;decision making;demand response events;dynamic programming;dynamic threshold;electric utilities;event number;event timing;expected savings;optimal scheduling;optimization mechanism;peak power demand reduction;planning horizon;probability distributions;smart grid;Dynamic programming;Electricity;Load management;Optimal scheduling;Probability distribution;Temperature distribution;Weather forecasting;Demand response;dynamic programming;option valuation;smart grid}, 
doi={10.1109/TSG.2013.2269540}, 
ISSN={1949-3053},}

@ARTICLE{Ref7, 
author={Darabi, Z. and Ferdowsi, M.}, 
journal={Industrial Informatics, IEEE Transactions on}, 
title={An Event-Based Simulation Framework to Examine the Response of Power Grid to the Charging Demand of Plug-In Hybrid Electric Vehicles}, 
year={2014}, 
month={Feb}, 
volume={10}, 
number={1}, 
pages={313-322}, 
keywords={discrete event simulation;hybrid electric vehicles;power grids;probability;secondary cells;PHEV load demand;charging demand;event based simulation framework;plug in hybrid electric vehicles;power grid;probability distribution functions;Charging event;load profile;plug-in hybrid electric vehicle (PHEV);power grid;transportation electrification}, 
doi={10.1109/TII.2013.2261305}, 
ISSN={1551-3203},}

@ARTICLE{Ref8, 
author={Dong-Min Kim and Jin-O Kim}, 
journal={Smart Grid, IEEE Transactions on}, 
title={Design of Emergency Demand Response Program Using Analytic Hierarchy Process}, 
year={2012}, 
month={June}, 
volume={3}, 
number={2}, 
pages={635-644}, 
keywords={decision support systems;incentive schemes;power markets;power system economics;power system reliability;IEEE 24-bus system;Pareto improvement;analytic hierarchy process;customer-oriented demand response;decision-support process;economic benefits;electricity market;emergency demand response program;emergency period;incentive payments;incentive-based program;load reduction criteria;proposed DR program;system reliability;Economics;Load management;Power system reliability;Procurement;Real time systems;Reliability;Analytic hierarchy process;emergency demand-response program (EDRP);incentive-based DR;system reliability}, 
doi={10.1109/TSG.2012.2188653}, 
ISSN={1949-3053},}

@ARTICLE{Ref9, 
author={Sahebi, M.M. and Duki, E.A. and Kia, M. and Soroudi, A. and Ehsan, M.}, 
journal={Generation, Transmission Distribution, IET}, 
title={Simultanous emergency demand response programming and unit commitment programming in comparison with interruptible load contracts}, 
year={2012}, 
month={July}, 
volume={6}, 
number={7}, 
pages={605-611}, 
keywords={IEEE standards;contracts;integer programming;linear programming;power generation dispatch;power generation scheduling;power markets;6-bus test system;EDRP;GAMS environment;I-C programming;ILC;UC programming;electricity price variation;emergency demand response programming;fuel price;interruptible load contract;interruptible-curtail programming;mixed integer linear problem;modified IEEE 118-bus system;peak load consumption;power system restructuring;unit commitment programming}, 
doi={10.1049/iet-gtd.2011.0806}, 
ISSN={1751-8687},}


@ARTICLE{Ref10, 
author={Gouveia, C. and Moreira, J. and Moreira, C.L. and Pecas Lopes, J.A.}, 
journal={Smart Grid, IEEE Transactions on}, 
title={Coordinating Storage and Demand Response for Microgrid Emergency Operation}, 
year={2013}, 
month={Dec}, 
volume={4}, 
number={4}, 
pages={1898-1908}, 
keywords={demand side management;distributed power generation;electric vehicles;load regulation;voltage distribution;demand response;distributed energy sources;electric vehicle;energy buffering;energy storage;frequency variation;islanding;load balancing;low voltage distribution level;microgrid autonomous operation;microgrid emergency operation;power network;Demand response;MicroGrid;electrical vehicles;energy storage;islanding operation;vehicle-to-grid}, 
doi={10.1109/TSG.2013.2257895}, 
ISSN={1949-3053},}


@ARTICLE{Ref11, 
author={Schweppe, F.C. and Tabors, R.D. and Kirtley, J.L. and Outhred, H.R. and Pickel, F.H. and Cox, A.J.}, 
journal={Power Apparatus and Systems, IEEE Transactions on}, 
title={Homeostatic Utility Control}, 
year={1980}, 
month={May}, 
volume={PAS-99}, 
number={3}, 
pages={1151-1163}, 
keywords={Automatic control;Automatic generation control;Control systems;Costs;Dispersion;Distributed power generation;Home automation;Power system control;Power systems;Storage automation}, 
doi={10.1109/TPAS.1980.319745}, 
ISSN={0018-9510},}


@ARTICLE{Ref12, 
author={Samarakoon, K. and Ekanayake, J. and Jenkins, N.}, 
journal={Smart Grid, IEEE Transactions on}, 
title={Investigation of Domestic Load Control to Provide Primary Frequency Response Using Smart Meters}, 
year={2012}, 
month={March}, 
volume={3}, 
number={1}, 
pages={282-292}, 
keywords={delays;domestic appliances;frequency response;load regulation;power meters;supply and demand;Great Britain system;communication delays;domestic demand control;domestic load control scheme;frequency drop;frequency response;load controller;local frequency measurement;simulation program;smart electricity meters;Frequency control;Frequency conversion;Frequency response;Load flow control;Switches;Time frequency analysis;Frequency response;load shedding;smart grid;smart meter;supply and demand}, 
doi={10.1109/TSG.2011.2173219}, 
ISSN={1949-3053},}


@inproceedings{CKM14,
author = {Chau, Chi-Kin and Elbassioni, Khaled and Khonji, Majid},
 title = {Truthful Mechanisms for Combinatorial {AC} Electric Power Allocation},
 booktitle = {Proceedings of the 2014 International Conference on Autonomous Agents and Multi-agent Systems (AaMAS)},
 year = {2014},
 publisher = {International Foundation for Autonomous Agents and Multiagent Systems},
 keywords = {combinatorial power allocation, complex-demand knapsack problem, mechanism design, multi-unit combinatorial auctions, smart grid},
} 


@article{minKS,
 author = {Csirik, J. and Frenk, J. B. G. and Labb{\'e}, M. and Zhang, S.},
 title = {Heuristics for the 0-1 Min-knapsack Problem},
 journal = {Acta Cybern.},
 issue_date = {Sept. 1991},
 volume = {10},
 number = {1-2},
 month = sep,
 year = {1991},
 issn = {0324-721X},
 pages = {15--20},
 numpages = {6},
 url = {http://dl.acm.org/citation.cfm?id=150385.150387},
 acmid = {150387},
 publisher = {Acta Cybernetica},
 address = {Szeged, Hungary, Hungary},
} 

@book{KSbook,
  title={Knapsack Problems},
  author={Kellerer, H. and Pferschy, U. and Pisinger, D.},
  isbn={9783540402862},
  lccn={2004299674},
  url={http://books.google.ae/books?id=u5DB7gck08YC},
  year={2004},
  publisher={Springer}
}

@article{KSFPTAS,
 author = {Martello, Silvano and Pisinger, David and Toth, Paolo},
 title = {Dynamic Programming and Strong Bounds for the 0-1 Knapsack Problem},
 journal = {Manage. Sci.},
 issue_date = {March 1999},
 volume = {45},
 number = {3},
 month = mar,
 year = {1999},
 issn = {0025-1909},
 pages = {414--424},
 numpages = {11},
 url = {http://dx.doi.org/10.1287/mnsc.45.3.414},
 doi = {10.1287/mnsc.45.3.414},
 acmid = {768348},
 publisher = {INFORMS},
 address = {Institute for Operations Research and the Management Sciences (INFORMS), Linthicum, Maryland, USA},
 keywords = {Branch-and-Bound, Dynamic Programming, Knapsack Problem, Surrogate Relaxation},
}

@INPROCEEDINGS{6493097, 
author={Shengli Xing}, 
booktitle={Sustainable Power Generation and Supply (SUPERGEN 2012), International Conference on}, 
title={Microgrid emergency control based on the stratified controllable load shedding optimization}, 
year={2012}, 
month={Sept}, 
pages={1-5}, 
keywords={distributed power generation;emergency power supply;frequency control;integer programming;load shedding;nonlinear programming;power generation control;Matlab;degree of load;emergency controllable load stratification;load analysis;load frequency regulation effect coefficient;microgrid emergency control;microgrid simulation;modified IEEE 9-bus distribution system;nonlinear mixed integer programming problem;stratified controllable load shedding optimization model;Controllable load;Importance;Load shedding;Microgrid;Optimization}, 
doi={10.1049/cp.2012.1778},}

@INPROCEEDINGS{5348255, 
author={Hirodontis, S. and Li, H. and Crossley, P.A.}, 
booktitle={Sustainable Power Generation and Supply, 2009. SUPERGEN '09. International Conference on}, 
title={Load shedding in a distribution network}, 
year={2009}, 
month={April}, 
pages={1-6}, 
keywords={load shedding;power distribution reliability;power system stability;distribution network reliability;distribution network stability;load shedding technique;power system analysis package PSCAD;voltage 33 kV;Analytical models;Equations;Maintenance;PSCAD;Packaging;Power system analysis computing;Power system dynamics;Power system simulation;Stability;Telecommunication network reliability;adaptive load shedding;distributed generation;intelligent load shedding;islanding;load shedding;self-healing;underfrequency load shedding}, 
doi={10.1109/SUPERGEN.2009.5348255},}

@ARTICLE{466502, 
author={Concordia, C. and Fink, L.H. and Poullikkas, G.}, 
journal={Power Systems, IEEE Transactions on}, 
title={Load shedding on an isolated system}, 
year={1995}, 
month={Aug}, 
volume={10}, 
number={3}, 
pages={1467-1472}, 
keywords={load shedding;power system control;power system stability;application;disturbances;inertia;isolated power system;off-system assistance;operating characteristics;power supply industry;reserves;underfrequency load shedding;Character generation;Guidelines;Network topology;Power industry;Power system dynamics;Power systems;Process design;Robustness;Stress;System testing}, 
doi={10.1109/59.466502}, 
ISSN={0885-8950},}